@article{sparseicp_sgp13,
    author = {Sofien Bouaziz and Andrea Tagliasacchi and Mark Pauly},
    title = {Sparse Iterative Closest Point},
    journal = {Computer Graphics Forum (Symposium on Geometry Processing)},
    volume = 32,
    number = 5,
    year = 2013,
    pages = {1--11}}

@Article{baldwin2007,
   Author="Baldwin, L. N.  and Wachowicz, K.  and Thomas, S. D.  and Rivest, R.  and Fallone, B. G. ",
   Title="{{C}haracterization, prediction, and correction of geometric distortion in 3 {T} {M}{R} images}",
   Journal="Med Phys",
   Year="2007",
   Volume="34",
   Number="2",
   Pages="388--399",
   Month="Feb"
}
